<?xml version="1.0" encoding="UTF-8"?><record xmlns="http://www.loc.gov/MARC21/slim" xmlns:cinclude="http://apache.org/cocoon/include/1.0" xmlns:zs="http://www.loc.gov/zing/srw/">
  <leader>00465nz  a2200133n  4500</leader>
  <controlfield tag="001">no2008017164</controlfield>
  <controlfield tag="003">DLC</controlfield>
  <controlfield tag="005">20080204074843.0</controlfield>
  <controlfield tag="008">080202n| acannaabn          |n aaa     c</controlfield>
  <datafield tag="010" ind1=" " ind2=" ">
    <subfield code="a">no2008017164</subfield>
  </datafield>
  <datafield tag="035" ind1=" " ind2=" ">
    <subfield code="a">(OCoLC)oca07647456</subfield>
  </datafield>
  <datafield tag="040" ind1=" " ind2=" ">
    <subfield code="a">AzPhBJB</subfield>
    <subfield code="b">eng</subfield>
    <subfield code="c">AzPhBJB</subfield>
  </datafield>
  <datafield tag="100" ind1="1" ind2=" ">
    <subfield code="a">Whitecloud, Mercedes</subfield>
  </datafield>
  <datafield tag="670" ind1=" " ind2=" ">
    <subfield code="a">Blue winds dancing : the Whitecloud collection of Native American art, c2008:</subfield>
    <subfield code="b">p. 75 (Mercedes Whitecloud; wife of Dr. Thomas St. Germain; Indian art collector)</subfield>
  </datafield>
</record>